<?xml version='1.0' encoding='utf-8'?>
<record xmlns="http://www.loc.gov/MARC21/slim" xmlns:xsi="http://www.w3.org/2001/XMLSchema-instance">
  <leader>00000ngm^a2200325^a^4500</leader>
  <controlfield tag="001">009092217</controlfield>
  <controlfield tag="005">20101119133356.0</controlfield>
  <controlfield tag="007">sd^zungnnmmneu</controlfield>
  <controlfield tag="007">vd^cvaiz|</controlfield>
  <controlfield tag="008">080910s2010^^^^miu073^^^^^^^^^^^^vleng^d</controlfield>
  <datafield tag="040" ind1=" " ind2=" ">
    <subfield code="a">MiU-H</subfield>
    <subfield code="c">MiU-H</subfield>
  </datafield>
  <datafield tag="043" ind1=" " ind2=" ">
    <subfield code="a">n-us-mi</subfield>
  </datafield>
  <datafield tag="245" ind1="0" ind2="0">
    <subfield code="a">Muslims in Michigan</subfield>
    <subfield code="h">[kit]</subfield>
  </datafield>
  <datafield tag="246" ind1="1" ind2=" ">
    <subfield code="i">Title from compact disc:</subfield>
    <subfield code="a">Muslims in Michigan :</subfield>
    <subfield code="b">Radio series</subfield>
  </datafield>
  <datafield tag="246" ind1="1" ind2=" ">
    <subfield code="i">Title from DVD :</subfield>
    <subfield code="a">Muslims in Michigan :</subfield>
    <subfield code="b">community conversation : speaking with young Muslims media presentation</subfield>
  </datafield>
  <datafield tag="260" ind1=" " ind2=" ">
    <subfield code="a">Ann Arbor :</subfield>
    <subfield code="b">Michigan Productions,</subfield>
    <subfield code="c">c2010.</subfield>
  </datafield>
  <datafield tag="300" ind1=" " ind2=" ">
    <subfield code="a">1 videodisc (ca. 73 min.) :</subfield>
    <subfield code="b">sd., col. ;</subfield>
    <subfield code="c">4 3/4 in.</subfield>
  </datafield>
  <datafield tag="300" ind1=" " ind2=" ">
    <subfield code="a">1 audiodisc (ca. 27 min.) :</subfield>
    <subfield code="b">digital, mono ;</subfield>
    <subfield code="c">4 3/4 in.</subfield>
  </datafield>
  <datafield tag="306" ind1=" " ind2=" ">
    <subfield code="a">011300</subfield>
    <subfield code="a">002700</subfield>
  </datafield>
  <datafield tag="538" ind1=" " ind2=" ">
    <subfield code="a">DVD and compact disc.</subfield>
  </datafield>
  <datafield tag="500" ind1=" " ind2=" ">
    <subfield code="a">Title from container.</subfield>
  </datafield>
  <datafield tag="500" ind1=" " ind2=" ">
    <subfield code="a">Program notes ([4] p.) inserted in container.</subfield>
  </datafield>
  <datafield tag="505" ind1="0" ind2=" ">
    <subfield code="a">Compact disc. Muslims in Michigan (ca. 4 min.) -- A tale of Muslim courtship (ca. 7 min.) -- Convert's story (ca. 4 min.) -- Islamic finance (ca. 4 min.) -- So, a Muslim and Christian move into a dorm room together at Calvin College? (ca. 4 min.) -- A visit to the new Islamic Mosque and Religious Institute (ca. 4 min.) -- DVD. A community conversation (ca. 71 min.) -- Speaking with young Muslims (ca. 2 min.)</subfield>
  </datafield>
  <datafield tag="511" ind1="0" ind2=" ">
    <subfield code="a">Radio stories by: Sarah Cwiek, Jennifer Guerra, Sarah Hulett, Dustin Dwyer; Host: Jennifer White ; Photography: Rodrigo Gaya.</subfield>
  </datafield>
  <datafield tag="520" ind1=" " ind2=" ">
    <subfield code="a">"The Muslim in Michigan project was formed out a partnership between Michigan Radio and the University of Michigan Center for Middle Eastern and North African Studies. The six-part radio series examines life for Muslim people living in Michigan. Beyond religion, the series explores the cultural, political, ethnic, and social lives of this diverse group. The project also features film events, speakers, and a community conversation. This media package is intended to be used as an educational resource and community engagement tool."--Container.</subfield>
  </datafield>
  <datafield tag="650" ind1=" " ind2="0">
    <subfield code="a">Muslims</subfield>
    <subfield code="z">Michigan</subfield>
    <subfield code="x">Social life and customs.</subfield>
  </datafield>
  <datafield tag="650" ind1=" " ind2="0">
    <subfield code="a">Muslims</subfield>
    <subfield code="z">Michigan</subfield>
    <subfield code="x">Social conditions.</subfield>
  </datafield>
  <datafield tag="655" ind1=" " ind2="7">
    <subfield code="a">Compact discs.</subfield>
    <subfield code="2">aat</subfield>
  </datafield>
  <datafield tag="655" ind1=" " ind2="7">
    <subfield code="a">DVDs.</subfield>
    <subfield code="2">aat</subfield>
  </datafield>
  <datafield tag="700" ind1="1" ind2=" ">
    <subfield code="a">Cwiek, Sarah.</subfield>
  </datafield>
  <datafield tag="700" ind1="1" ind2=" ">
    <subfield code="a">Dwyer, Dustin.</subfield>
  </datafield>
  <datafield tag="700" ind1="1" ind2=" ">
    <subfield code="a">Gaya, Rodrigo.</subfield>
  </datafield>
  <datafield tag="700" ind1="1" ind2=" ">
    <subfield code="a">Guerra, Jennifer.</subfield>
  </datafield>
  <datafield tag="700" ind1="1" ind2=" ">
    <subfield code="a">Hulett, Sarah.</subfield>
  </datafield>
  <datafield tag="700" ind1="1" ind2=" ">
    <subfield code="a">White, Jennifer.</subfield>
  </datafield>
  <datafield tag="710" ind1="2" ind2=" ">
    <subfield code="a">University of Michigan.</subfield>
    <subfield code="b">Center for Middle Eastern and North African Studies.</subfield>
  </datafield>
  <datafield tag="710" ind1="2" ind2=" ">
    <subfield code="a">Michigan Radio.</subfield>
  </datafield>
  <datafield tag="852" ind1="8" ind2=" ">
    <subfield code="a">MiU-H</subfield>
    <subfield code="b">BENT</subfield>
    <subfield code="h">2010207 Aa 2</subfield>
  </datafield>
  <datafield tag="997" ind1=" " ind2=" ">
    <subfield code="a">MARS</subfield>
  </datafield>
  <datafield tag="955" ind1=" " ind2=" ">
    <subfield code="b">BENT</subfield>
    <subfield code="p">B4465692</subfield>
  </datafield>
</record>
